<record><leader>00000cas a2200000 a 4500</leader><controlfield tag="001">26886653</controlfield><controlfield tag="008">921029d192u1925iludn ne      0   a0eng c</controlfield><datafield ind1=" " ind2=" " tag="010"><subfield code="a">sn 92054632 </subfield></datafield><datafield ind1=" " ind2=" " tag="040"><subfield code="a">NVF</subfield><subfield code="b">eng</subfield><subfield code="c">NVF</subfield><subfield code="d">OCL</subfield><subfield code="d">NVF</subfield><subfield code="d">OCLCQ</subfield><subfield code="d">NVF</subfield><subfield code="d">OCLCQ</subfield><subfield code="d">OCLCF</subfield><subfield code="d">NVF</subfield><subfield code="d">OCLCO</subfield></datafield><datafield ind1=" " ind2=" " tag="019"><subfield code="a">13488176</subfield></datafield><datafield ind1="1" ind2=" " tag="029"><subfield code="a">AU@</subfield><subfield code="b">000020719913</subfield></datafield><datafield ind1=" " ind2=" " tag="042"><subfield code="a">pcc</subfield></datafield><datafield ind1=" " ind2=" " tag="043"><subfield code="a">n-us-il</subfield></datafield><datafield ind1="0" ind2=" " tag="130"><subfield code="a">Daily Republican-era (Murphysboro, Ill. : 1925)</subfield></datafield><datafield ind1="1" ind2="0" tag="245"><subfield code="a">Daily Republican-era.</subfield></datafield><datafield ind1="3" ind2=" " tag="246"><subfield code="a">Daily Republican era</subfield></datafield><datafield ind1=" " ind2=" " tag="260"><subfield code="a">Murphysboro, Ill. :</subfield><subfield code="b">Republican-Era Print. Co.</subfield></datafield><datafield ind1=" " ind2=" " tag="300"><subfield code="a">v.</subfield></datafield><datafield ind1=" " ind2=" " tag="310"><subfield code="a">Daily (except Sunday)</subfield></datafield><datafield ind1="0" ind2=" " tag="362"><subfield code="a">-v. 17, no. 280 (July 31, 1925).</subfield></datafield><datafield ind1=" " ind2=" " tag="588"><subfield code="a">Description based on: Vol. 17, no. 280 (July 31, 1925).</subfield></datafield><datafield ind1=" " ind2="0" tag="651"><subfield code="a">Murphysboro (Ill.)</subfield><subfield code="v">Newspapers.</subfield></datafield><datafield ind1=" " ind2="7" tag="651"><subfield code="a">Illinois</subfield><subfield code="z">Murphysboro.</subfield><subfield code="2">fast</subfield><subfield code="0">(OCoLC)fst01207038</subfield></datafield><datafield ind1=" " ind2="7" tag="655"><subfield code="a">Newspapers.</subfield><subfield code="2">fast</subfield><subfield code="0">(OCoLC)fst01423814</subfield></datafield><datafield ind1=" " ind2=" " tag="752"><subfield code="a">United States</subfield><subfield code="b">Illinois</subfield><subfield code="c">Jackson</subfield><subfield code="d">Murphysboro.</subfield></datafield><datafield ind1="0" ind2="0" tag="780"><subfield code="t">Murphysboro, Illinois daily Republican-era</subfield><subfield code="w">(DLC)sn 92054631</subfield><subfield code="w">(OCoLC)26886512</subfield></datafield><datafield ind1="0" ind2="4" tag="785"><subfield code="t">Daily independent (Murphysboro, Ill.)</subfield><subfield code="w">(DLC)sn 82014967</subfield><subfield code="w">(OCoLC)8807547</subfield></datafield></record>